
%Entries

@book{Miller2009,
    author = {Miller, Ronald D.},
    isbn = {9781437720617},
    pages = {3312},
    publisher = {Churchill Livingstone/Elsevier},
    title = {{Miller's anesthesia}},
    year = {2009}
}

@article{Helayel2010,
    doi = {10.1590/S0034-70942010000400004},
    issn = {0034-7094},
    journal = {Revista Brasileira de Anestesiologia},
    month = {aug},
    number = {4},
    pages = {379--382},
    publisher = {Sociedade Brasileira de Anestesiologia},
    title = {{Avalia{\c{c}}{\~{a}}o da profundidade do espa{\c{c}}o peridural com o uso do ultrassom}},
    volume = {60},
    year = {2010}
}

@misc{Hamaji2016,
    author = {Hamaji, Adilson and Shinohara, Alberto Hajime and Hamaji, Marcelo Waldir Mian},
    title = {{N{\'{u}}cleo de Anestesia Regional – SAESP}},
    url = {https://www.saesp.org.br/area-restrita/cientifico/nucleos-cientificos/nucleo-de-anestesia-regional/},
    urldate = {2019-02-16},
    year = {2016}
}

@misc{Pinheiro2018,
    author = {Pinheiro, Pedro},
    title = {{TIPOS DE ANESTESIA - Geral, Local e Raquidiana e Peridural » MD.Sa{\'{u}}de}},
    url = {https://www.mdsaude.com/2012/11/tipos-de-anestesia.html},
    urldate = {2018-07-20},
    year = {2018}
}

@misc{Anesclin2019,
    author = {Anesclin},
    title = {{Peridural}},
    url = {http://www.anesclin.com.br/peridural.html},
    urldate = {2019-02-16},
    year = {2019}
}

@article{Isaacs2015,
    author = {Isaacs, R and Wee, MYK and Dubey, VN and Vaughan, N},
    doi = {10.15761/GAPM.1000130},
    issn = {20590512},
    journal = {Global Anesthesia and Perioperative Medicine},
    number = {4},
    title = {{A survey of trainees' perspectives on epidural training in the United Kingdom}},
    url = {http://oatext.com/A-survey-of-trainees-perspectives-on-epidural-training-in-the-United-Kingdom.php},
    volume = {1},
    year = {2015}
}

@misc{Sedicias2018,
    author = {Sedicias, Sheila},
    title = {{Anestesia peridural: como {\'{e}} feita e principais riscos - Tua Sa{\'{u}}de}},
    url = {https://www.tuasaude.com/anestesia-peridural/},
    urldate = {2018-10-23},
    year = {2018}
}

@article{Wantman2006,
    author = {Wantman, A and Hancox, N and Howell, P R},
    doi = {10.1111/j.1365-2044.2006.04534.x},
    issn = {0003-2409},
    journal = {Anaesthesia},
    month = {apr},
    number = {4},
    pages = {370--375},
    title = {{Techniques for identifying the epidural space: a survey of practice amongst anaesthetists in the UK}},
    volume = {61},
    year = {2006}
}

@article{Bapat2015,
    author = {Bapat, Vaishali and Vishwasrao, Sufala},
    ournal = {Indian journal of applied research},
    number = {9},
    pages = {442--444},
    title = {{Spinal Anaesthesia with Midline and Paramedian Technique in Elderly Patients Medical Science}},
    volume = {5},
    year = {2015}
}

@article{Ahsan-ul-Haq2005,
    author = {Ahsan-ul-Haq, Muhammad and Amin, Sohail and Javaid, Shahid},
    doi = {03.2005/JCPSP.160161},
    issn = {1022-386X},
    journal = {Journal of the College of Physicians and Surgeons--Pakistan : JCPSP},
    month = {mar},
    number = {3},
    pages = {160--1},
    pmid = {15808095},
    title = {{Paramedian technique of spinal anesthesia in elderly patients for hip fracture surgery.}},
    volume = {15},
    year = {2005}
}

@article{Boon2003,
    author = {Boon, J and Prinsloo, E and Raath, Russell P},
    doi = {10.1053/rapm.2003.50129},
    issn = {10987339},
    journal = {Regional Anesthesia and Pain Medicine},
    month = {may},
    number = {3},
    pages = {221--227},
    pmid = {12772140},
    title = {{A paramedian approach for epidural block: An anatomic and radiologic description}},
    volume = {28},
    year = {2003}
}





@article{Levy1985,
    author = {Levy, J. H. and Islas, J. A. and Ghia, J. N. and Turnbull, C.},
    doi = {10.1213/00000539-198507000-00010},
    issn = {00032999},
    journal = {Anesthesia and Analgesia},
    number = {7},
    pages = {705--710},
    pmid = {4014732},
    title = {{A retrospective study of the incidence and causes of failed spinal anesthetics in a university hospital}},
    volume = {64},
    year = {1985}
}

@article{Munhall1988,
    author = {Munhall, R. J. and Sukhani, R. and Winnie, A. P.},
    doi = {10.1213/00000539-198809000-00008},
    issn = {00032999},
    journal = {Anesthesia and Analgesia},
    number = {9},
    pages = {843--848},
    pmid = {3414995},
    title = {{Incidence and etiology of failed spinal anesthetics in a university hospital: A prospective study}},
    volume = {67},
    year = {1988}
}

@article{Kopacz1996,
    author = {Kopacz, D J and Neal, J M and Pollock, J E},
    issn = {0146-521X},
    journal = {Regional anesthesia},
    mendeley-groups = {Anesthesy and gamification},
    number = {3},
    pages = {182--90},
    pmid = {8744658},
    title = {{The regional anesthesia "learning curve". What is the minimum number of epidural and spinal blocks to reach consistency?}},
    volume = {21},
    year = {1996}
}

@article{Horlocker1997,
    author = {Horlocker, Terese T. and McGregor, Diana G. and Matsushige, Derek K. and Schroeder, Darrell R. and Besse, Jennifer A.},
    doi = {10.1097/00000539-199703000-00021},
    issn = {00032999},
    journal = {Anesthesia and Analgesia},
    month = {mar},
    number = {3},
    pages = {578--584},
    pmid = {9052305},
    title = {{A retrospective review of 4767 consecutive spinal anesthetics: Central nervous system complications}},
    volume = {84},
    year = {1997}
}


@article{Konrad1998,
    author = {Konrad, C and Sch{\"{u}}pfer, G and Wietlisbach, M and Gerber, H},
    issn = {0003-2999},
    journal = {Anesthesia and analgesia},
    month = {mar},
    number = {3},
    pages = {635--639},
    pmid = {9495429},
    title = {{Learning manual skills in anesthesiology: Is there a recommended number of cases for anesthetic procedures?}},
    volume = {86},
    year = {1998}
}

@article{Clinkscales2007,
    author = {Clinkscales, C.P. and Greenfield, M.L.V.H. and Vanarase, M. and Polley, L.S.},
    doi = {10.1016/J.IJOA.2007.03.015},
    issn = {0959-289X},
    journal = {International Journal of Obstetric Anesthesia},
    month = {oct},
    number = {4},
    pages = {323--327},
    publisher = {Churchill Livingstone},
    title = {{An observational study of the relationship between lumbar epidural space depth and body mass index in Michigan parturients}},
    volume = {16},
    year = {2007}
}

@article{Farber2009,
    author = {F{\"{a}}rber, M. and Hummel, F. and Gerloff, C. and Handels, H.},
    doi = {10.3414/ME0566},
    issn = {0026-1270},
    journal = {Methods of Information in Medicine},
    month = {may},
    number = {05},
    pages = {493--501},
    pmid = {19448881},
    title = {{Virtual Reality Simulator for the Training of Lumbar Punctures}},
    volume = {48},
    year = {2009}
}

@article{Ni2011,
    author = {Ni, Dong and Chan, Wing Yin and Qin, Jing and Chui, Yim-Pan and Qu, Ingrid and Ho, Simon S M and Heng, Pheng-Ann},
    journal = {IEEE computer graphics and applications},
    month = {apr},
    number = {2},
    pages = {36--48},
    title = {{A virtual reality simulator for ultrasound-guided biopsy training}},
    volume = {31},
    year = {2011}
}

@article{Sharma2011,
    doi = {10.1111/j.1365-2044.2011.06812.x},
    issn = {00032409},
    journal = {Anaesthesia},
    month = {oct},
    number = {10},
    pages = {907--912},
    publisher = {John Wiley & Sons, Ltd (10.1111)},
    title = {{Effect of ethnicity and body mass index on the distance from skin to lumbar epidural space in parturients}},
    volume = {66},
    year = {2011}
}

@article{Lee2012,
    author = {Lee, R A and van Zundert, T C R V and van Koesveld, J J M and van Zundert, A A J and Stolker, R-J and Wieringa, P A and Gatt, S P},
    doi = {10.1177/0310057X1204000215},
    issn = {0310-057X},
    journal = {Anaesthesia and intensive care},
    month = {mar},
    number = {2},
    pages = {311--8},
    pmid = {22417027},
    title = {{Evaluation of the Mediseus epidural simulator.}},
    volume = {40},
    year = {2012}
}

@article{Thangamuthu2013,
    author = {Thangamuthu, A. and Russell, I.F. and Purva, M.},
    doi = {10.1016/J.IJOA.2013.04.013},
    issn = {0959-289X},
    journal = {International Journal of Obstetric Anesthesia},
    month = {nov},
    number = {4},
    pages = {310--315},
    publisher = {Churchill Livingstone},
    title = {{Epidural failure rate using a standardised definition}},
    volume = {22},
    year = {2013}
}

@incollection{N.2013,
    author = {Dubey, Venketesh N. and Vaughan, Neil and Wee, Michael Y. K. and Isaacs, Richard},
    booktitle = {Practical Applications in Biomedical Engineering},
    doi = {10.5772/50764},
    editor = {IntechOpen},
    month = {jan},
    publisher = {InTech},
    title = {{Biomedical Engineering in Epidural Anaesthesia Research}},
    year = {2013}
}

@misc{MedBroadcast2018,
    author = {MedBroadcast},
    title = {{Spinal block - Pain - MedBroadcast.com}},
    url = {https://medbroadcast.com/channel/pain/managing-pain/spinal-block},
    urldate = {2019-02-11},
    year = {2018}
}

@misc{INFOESCOLA2018,
    author = {INFOESCOLA},
    title = {{Raquianestesia - Anestesia Raquidiana - Medicina - InfoEscola}},
    url = {https://www.infoescola.com/medicina/raquianestesia/},
    urldate = {2018-10-23},
    year = {2018}
}

@misc{VRS2018,
    author = {VRS},
    title = {{Virtual Reality Society - Latest Virtual Reality News Headset Reviews}},
    url = {https://www.vrs.org.uk/},
    urldate = {2018-10-01},
    year = {2018}
}

@article{Carlin1997,
    doi = {10.1016/S0005-7967(96)00085-X},
    issn = {0005-7967},
    journal = {Behaviour Research and Therapy},
    month = {feb},
    number = {2},
    pages = {153--158},
    publisher = {Pergamon},
    title = {{Virtual reality and tactile augmentation in the treatment of spider phobia: a case report}},
    volume = {35},
    year = {1997}
}

@misc{Galoustian2018,
    author = {Galoustian, Gisele},
    title = {{FAU | Virtual Reality Headset Reduces Children's Fear of Needles}},
    url = {https://www.fau.edu/newsdesk/articles/virtual-reality-study.php},
    urldate = {2018-10-02},
    year = {2018}
}

@article{Rothbaum2006,
    doi = {10.1016/J.BETH.2005.04.004},
    issn = {0005-7894},
    journal = {Behavior Therapy},
    month = {mar},
    number = {1},
    pages = {80--90},
    publisher = {Elsevier},
    title = {{Virtual Reality Exposure Therapy and Standard (in Vivo) Exposure Therapy in the Treatment of Fear of Flying}},
    volume = {37},
    year = {2006}
}

@misc{Edwards2018,
    author = {Edwards, Charlotte},
    title = {{Virtual reality-based therapy may help reduce fear of heights - Verdict Medical Devices}},
    url = {https://www.medicaldevice-network.com/news/virtual-reality-based-therapy-may-help-reduce-fear-heights/},
    urldate = {2018-10-02},
    year = {2018}
}

@misc{Goldman2017,
    author = {Goldman, Bruce},
    title = {{Andrew Huberman on using virtual reality to cure fears, no matter what you see | Stanford Medicine}},
    url = {https://stanmed.stanford.edu/2017summer/huberman-virtual-reality-curing-fear-anxiety.html},
    urldate = {2018-10-02},
    year = {2017}
}

@book{Ma2011,
    author = {Ma, Minhua.},
    editor = {Springer},
    isbn = {9781447121602},
    pages = {504},
    publisher = {Springer-Verlag London Ltd},
    title = {{Serious games and edutainment applications}},
    url = {http://eprints.hud.ac.uk/id/eprint/23165/},
    year = {2011}
}

@book{Prensky2001,
    author = {Prensky, Marc.},
    isbn = {1557788634},
    pages = {442},
    publisher = {Paragon House},
    title = {{Digital game-based learning}},
    year = {2001}
}

@misc{Smith2011,
    author = {Smith, S. H.},
    title = {{An Introduction to Gamification | HubPages}},
    url = {https://hubpages.com/business/Intro-to-Gamification},
    urldate = {2018-07-25},
    year = {2011}
}

@book{Burdea1996,
    address = {New York},
    author = {Burdea, Grigore. C.},
    isbn = {0471021415},
    pages = {339},
    publisher = {Wiley},
    title = {{Force and touch feedback for Virtual Reality}},
    year = {1996}
}

@article{Culbertson2018,
    author = {Culbertson, Heather and Schorr, Samuel B. and Okamura, Allison M.},
    doi = {10.1146/annurev-control-060117-105043},
    issn = {2573-5144},
    journal = {Annual Review of Control, Robotics, and Autonomous Systems},
    month = {may},
    number = {1},
    pages = {385--409},
    publisher = {Annual Reviews},
    title = {{Haptics: The Present and Future of Artificial Touch Sensation}},
    volume = {1},
    year = {2018}
}

@book{Zurawski2005,
    author = {Zurawski, Richard.},
    isbn = {9781420036336},
    mendeley-groups = {Haptics},
    publisher = {CRC Press},
    title = {{The industrial information technology handbook}},
    year = {2005}
}

@inproceedings{Sharma2001,
    address = {Pittsburgh},
    pages = {359--365},
    title = {{A haptics-based virtual environment for engineering design and manufacturing applications}},
    year = {2001}
}

@misc{Smith2019,
    author = {Smith, Brett},
    title = {{How Haptic Sensors are Changing the Automotive Industry}},
    url = {https://www.azom.com/article.aspx?ArticleID=15658},
    urldate = {2019-03-03},
    year = {2019}
}

@article{Coles2011,
    author = {Coles, T R and Meglan, D and John, N W},
    doi = {10.1109/TOH.2010.19},
    issn = {1939-1412},
    journal = {IEEE Transactions on Haptics},
    month = {jan},
    number = {1},
    pages = {51--66},
    title = {{The Role of Haptics in Medical Training Simulators: A Survey of the State of the Art}},
    volume = {4},
    year = {2011}
}

@misc{HAPTICSHOUSE2019,
    author = {{HAPTICS HOUSE}},

    title = {{What is Haptics? – HapticsHouse.com}},
    url = {https://hapticshouse.com/pages/what-is-haptics},
    urldate = {2019-02-27},
    year = {2019}
}

@article{Escobar-Castillejos2016,
    issn = {0148-5598},
    journal = {Journal of Medical Systems},
    month = {apr},
    number = {4},
    pages = {104},
    publisher = {Springer US},
    title = {{A Review of Simulators with Haptic Devices for Medical Training}},
    url = {http://link.springer.com/10.1007/s10916-016-0459-8},
    volume = {40},
    year = {2016}
}

@article{Gerovich2004,
    author = {Gerovich, Oleg and Marayong, Panadda and Okamura, Allison M.},
    doi = {10.3109/10929080500190441},
    issn = {1092-9088},
    journal = {Computer Aided Surgery},
    month = {jan},
    number = {6},
    pages = {243--249},
    publisher = {Taylor & Francis},
    title = {{The effect of visual and haptic feedback on computer-assisted needle insertion}},
    url = {http://www.tandfonline.com/doi/full/10.3109/10929080500190441},
    volume = {9},
    year = {2004}
}

@article{Srinivasan2004,
    author = {Srinivasan, Mandayam A and Kim, Hyun and Muniyandi, Manivannan and Basdogan, Cagatay and De, Suvranu and Kim, Jung},
    issn = {0272-1716},
    journal = {IEEE Computer Graphics and Applications},
    number = {2},
    pages = {56--64},
    title = {{Haptics in Minimally Invasive Surgical Simulation and Training}},
    volume = {24},
    year = {2004}
}

@article{Sclaverano2009,
    archivePrefix = {arXiv},
    arxivId = {0812.3226},
    author = {Sclaverano, Stefano and Chevreau, Gr{\'{e}}goire and Vadcard, Lucile and Mozer, Pierre and Troccaz, Jocelyne},
    doi = {10.3233/978-1-58603-964-6-301},
    eprint = {0812.3226},
    isbn = {9781586039646},
    issn = {09269630},
    journal = {Studies in Health Technology and Informatics},
    keywords = {Biopsy training,Prostate,Ultrasound simulation},
    pages = {301--306},
    pmid = {19377173},
    title = {{BiopSym: A simulator for enhanced learning of ultrasound-guided prostate biopsy}},
    volume = {142},
    year = {2009}
}

@article{Mastmeyer2016,
    author = {Mastmeyer, Andre and Fortmeier, Dirk and Handels, Heinz},
    doi = {10.1016/J.CMPB.2016.04.017},
    issn = {0169-2607},
    journal = {Computer Methods and Programs in Biomedicine},
    month = {aug},
    pages = {161--175},
    publisher = {Elsevier},
    title = {{Efficient patient modeling for visuo-haptic VR simulation using a generic patient atlas}},
    url = {https://www.sciencedirect.com/science/article/pii/S0169260715300729},
    volume = {132},
    year = {2016}
}

@inproceedings{Brazil2017,
    author = {Brazil, A. L. and Conci, A. and Clua, E. and Bittencourt, L. K. and Baruque, L. B.},
    booktitle = {SEGAH 2017, 5TH IEEE International conference on Serious Games and Applications for Health},
    title = {{A Virtual Environment for Breast Exams Practice with Haptics and Gamification}},
    year = {2017}
}

@inproceedings{Jeon2010,
    author = {Jeon, Seokhee and Knoerlein, Benjamin and Harders, Matthias and Choi, Seungmoon},
    booktitle = {2010 IEEE International Symposium on Mixed and Augmented Reality},
    doi = {10.1109/ISMAR.2010.5643585},
    isbn = {978-1-4244-9343-2},
    month = {oct},
    pages = {237--238},
    publisher = {IEEE},
    title = {{Haptic simulation of breast cancer palpation: A case study of haptic augmented reality}},
    year = {2010}
}

@inproceedings{Ribeiro2014,
    author = {Ribeiro, Mateus de Lara and Nunes, Fatima L.S.},
    booktitle = {2014 XVI Symposium on Virtual and Augmented Reality},
    doi = {10.1109/SVR.2014.57},
    isbn = {978-1-4799-4261-9},
    month = {may},
    pages = {268--276},
    publisher = {IEEE},
    title = {{Breast Palpation Simulation with Haptic Feedback: Prototype and Initial Results}},
    year = {2014}
}

@inproceedings{Solanki2010,
    address = {New York, New York, USA},
    author = {Solanki, Mitan and Raja, Vinesh},
    booktitle = {Proceedings of the 9th ACM SIGGRAPH Conference on Virtual-Reality Continuum and its Applications in Industry - VRCAI '10},
    doi = {10.1145/1900179.1900226},
    isbn = {9781450304597},
    pages = {221},
    publisher = {ACM Press},
    title = {{Modelling palpable masses for a virtual breast examination}},
    url = {http://portal.acm.org/citation.cfm?doid=1900179.1900226},
    year = {2010}
}

@article{Ribeiro2016,
    author = {Ribeiro, Mateus L. and Lederman, Henrique Manoel and Elias, Simone and Nunes, F{\'{a}}tima L. S.},
    doi = {10.1145/2962723},
    issn = {03600300},
    journal = {ACM Computing Surveys},
    month = {oct},
    number = {3},
    pages = {1--28},
    publisher = {ACM},
    title = {{Techniques and Devices Used in Palpation Simulation with Haptic Feedback}},
    volume = {49},
    year = {2016}
}

@article{Vidal2008,
    author = {Vidal, F P and John, N W and Healey, A E and Gould, D A},
    doi = {10.1002/cav.217},
    issn = {1546-427X},
    journal = {Computer Animation and Virtual Worlds},
    language = {en},
    month = {may},
    number = {2},
    pages = {111--127},
    title = {{Simulation of ultrasound guided needle puncture using patient specific data with 3D textures and volume haptics}},
    url = {http://onlinelibrary.wiley.com/doi/10.1002/cav.217/abstract http://files/72/Vidal_et_al-2008-Computer_Animation_and_Virtual_Worlds.pdf http://files/71/abstract.html},
    volume = {19},
    year = {2008}
}

@article{Coles2011b,
    author = {Coles, T R and John, N W and Gould, D A and Caldwell, D G},
    doi = {10.1109/TOH.2011.32},
    issn = {1939-1412},
    journal = {IEEE Transactions on Haptics},
    number = {3},
    pages = {199--209},
    title = {{Integrating Haptics with Augmented Reality in a Femoral Palpation and Needle Insertion Training Simulation}},
    volume = {4},
    year = {2011}
}

@misc{VRS2017,
    author = {VRS},
    title = {{VIRTUAL REALITY SOCIETY - The Novint Falcon Haptic System - Virtual Reality Society}},
    url = {https://www.vrs.org.uk/virtual-reality-gear/haptic/novint-falcon.html},
    urldate = {2018-08-25},
    year = {2017}
}

@article{Forsslund2013,
    author = {Forsslund, Jonas and Chan, Sonny and Selesnick, Joshua and Salisbury, Kenneth and Silva, Rebeka G and Blevins, Nikolas H},
    issn = {0926-9630},
    journal = {Studies in health technology and informatics},
    pages = {129--135},
    pmid = {23400144},
    title = {{The effect of haptic degrees of freedom on task performance in virtual surgical environments.}},
    volume = {184},
    year = {2013}
}

@misc{3DSystems2018,
    author = {{3D Systems}},
    title = {{3D Systems Phantom Premium}},
    url = {https://www.3dsystems.com/haptics-devices/3d-systems-phantom-premium/features},
    urldate = {2018-08-25},
    year = {2018}
}











@article{Badesa2016,
    author = {Badesa, Francisco Javier and Morales, Ricardo and Garcia-Aracil, Nicolas M. and Sabater, Jose M. and Zollo, Loredana and Papaleo, Eugenia and Guglielmelli, Eugenio},
    title = {{Dynamic Adaptive System for Robot-Assisted Motion Rehabilitation}},
    journal = {IEEE Systems Journal},
    volume = {10},
    year = {2016},
    pages = {984-991},
    doi = {10.1109/JSYST.2014.2318594},
    number = {3}
}

@article{Hazarika2016,
    author = {Hazarika, Rajib and Choudhury, Dipika and Nath, Sangeeta and Parua, Samit},
    doi = {10.7860/JCDR/2016/21679.8755},
    issn = {2249782X},
    journal = {Journal of Clinical and Diagnostic Research},
    number = {10},
    pages = {6--9},
    title = {{Estimation of Skin to Subarachnoid Space Depth: An Observational Study}},
    volume = {10},
    year = {2016}
}

@article{Adegboye2017,
    author = {Adegboye, M B and Bolaji, B O and Ibraheem, G H},
    issn = {2276-6944},
    journal = {Journal of the West African College of Surgeons},
    number = {1},
    pages = {113--127},
    pmid = {29951458},
    publisher = {West African College of Surgeons},
    title = {{The Correlation Between Body Mass Index On The Length From Skin To Lumbar Epidural Space In Nigerian Adults.}},
    volume = {7},
    year = {2017}
}

@book{Labat1923,
  title={Regional Anesthesia; Its Technic and Clinical Application},
  author={Labat, Gaston},
  lccn={22023357},
  year={1923},
  publisher={W. B. Saunders}
}


@article{Pfeiffer2018,
    author = {Pfeiffer, Micha and Kenngott, Hannes and Preukschas, Anas and Huber, Matthias and Bettscheider, Lisa and M{\"{u}}ller-Stich, Beat and Speidel, Stefanie},
    doi = {10.1007/s11548-018-1730-x},
    issn = {18616429},
    journal = {International Journal of Computer Assisted Radiology and Surgery},
    month = {may},
    number = {5},
    pages = {741--748},
    pmid = {29551011},
    publisher = {Springer Verlag},
    title = {{IMHOTEP: virtual reality framework for surgical applications}},
    volume = {13},
    year = {2018}
}

@article{Brazil2018,
    author = {Brazil, Andr{\'{e}} Luiz and Conci, Aura and Clua, Esteban and Bittencourt, Leonardo Kayat and Baruque, L{\'{u}}cia Blondet and da {Silva Conci}, Nathalia},
    doi = {10.1016/J.ENTCOM.2017.10.002},
    issn = {1875-9521},
    journal = {Entertainment Computing},
    month = {mar},
    pages = {1--13},
    publisher = {Elsevier},
    title = {{Haptic forces and gamification on epidural anesthesia skill gain}},
    volume = {25},
    year = {2018}
}

@article{Mashari2018,
    author = {Mashari, Azad and Montealegre-Gallegos, Mario and Jeganathan, Jelliffe and Yeh, Lu and {Qua Hiansen}, Joshua and Meineri, Massimiliano and Mahmood, Feroze and Matyal, Robina},
    doi = {10.1371/journal.pone.0191664},
    editor = {Tractenberg, Rochelle E.},
    issn = {1932-6203},
    journal = {PLOS ONE},
    month = {jun},
    number = {6},
    pages = {1--13},
    publisher = {Public Library of Science},
    title = {{Low-cost three-dimensional printed phantom for neuraxial anesthesia training: Development and comparison to a commercial model}},
    url = {https://dx.plos.org/10.1371/journal.pone.0191664},
    volume = {13},
    year = {2018}
}


@inproceedings{Senac2019,
    author = {Senac, Thibault and Leleve, Arnaud and Moreau, Richard and Krahenbuhl, Laurent and Sigwalt, Florent and Bauert, Christian and Rouby, Quentin},
    booktitle = {Proceedings - IEEE International Conference on Robotics and Automation},
    doi = {10.1109/ICRA.2019.8794199},
    isbn = {9781538660263},
    issn = {10504729},
    month = {may},
    pages = {8353--8359},
    publisher = {Institute of Electrical and Electronics Engineers Inc.},
    title = {{Designing an accurate and customizable epidural anesthesia haptic simulator}},
    volume = {2019-May},
    year = {2019}
}

@article{Eijlers2019,
    author = {Eijlers, Robin and Utens, Elisabeth M.W.J. and Staals, Lonneke M. and {De Nijs}, Pieter F.A. and Berghmans, Johan M. and Wijnen, Ren{\'{e}} M.H. and Hillegers, Manon H.J. and Dierckx, Bram and Legerstee, Jeroen S.},
    doi = {10.1213/ANE.0000000000004165},
    issn = {15267598},
    journal = {Anesthesia and Analgesia},
    month = {nov},
    number = {5},
    pages = {1344--1353},
    pmid = {31136330},
    publisher = {Lippincott Williams and Wilkins},
    title = {{Systematic Review and Meta-analysis of Virtual Reality in Pediatrics: Effects on Pain and Anxiety}},
    volume = {129},
    year = {2019}
}

@article{Chan2019,
    author = {Chan, Evelyn and Hovenden, Michael and Ramage, Emma and Ling, Norman and Pham, Jeanette H. and Rahim, Ayesha and Lam, Connie and Liu, Linly and Foster, Samantha and Sambell, Ryan and Jeyachanthiran, Kasthoori and Crock, Catherine and Stock, Amanda and Hopper, Sandy M. and Cohen, Simon and Davidson, Andrew and Plummer, Karin and Mills, Erin and Craig, Simon S. and Deng, Gary and Leong, Paul},
    doi = {10.1016/j.jpeds.2019.02.034},
    issn = {10976833},
    journal = {Journal of Pediatrics},
    month = {jun},
    pages = {160--167.e4},
    pmid = {31047650},
    publisher = {Mosby Inc.},
    title = {{Virtual Reality for Pediatric Needle Procedural Pain: Two Randomized Clinical Trials}},
    volume = {209},
    year = {2019}
}

@article{Faruki2019,
    author = {Faruki, Adeel and Nguyen, Thy and Proeschel, Samantha and Levy, Nadav and Yu, Jessica and Ip, Victoria and Mueller, Ariel and Banner-Goodspeed, Valerie and O'Gara, Brian},
    doi = {10.1186/s13063-019-3922-2},
    issn = {1745-6215},
    journal = {Trials},
    month = {dec},
    number = {1},
    pages = {782},
    pmid = {31882015},
    publisher = {BioMed Central Ltd.},
    title = {{Virtual reality as an adjunct to anesthesia in the operating room}},
    volume = {20},
    year = {2019}
}

@misc{BioDigitalInc2019,
    author = {{BioDigital Inc}},
    title = {{BioDigital Human: Anatomy and Health Conditions in Interactive 3D}},
    url = {https://human.biodigital.com/signin.html},
    urldate = {2019-01-18},
    year = {2019}
}


@misc{AUTODESK2020,
    author = {AUTODESK},
    title = {{3ds Max Software}},
    url = {https://www.autodesk.com/products/3ds-max/overview?term=1-YEAR},
    urldate = {2020-01-06},
    year = {2020}
}


@article{Melo2020,
    author = {Melo, Rafael Heitor Correia De and Conci, Aura and Popovici, Dorina and {Galhardo Jr}, Carlos},
    journal = {Ann Anesth Pain Med},
    number = {1},
    title = {{A proposal of general model for estimation of skin to epidural space distance on the parturient population}},
    volume = {3},
    year = {2020}
}


@techreport{Moo-Young2021,
    author = {Moo-Young, Joss and Weber, Timothy M and Kapralos, Bill and Quevedo, Alvaro and Alam, Fahad},
    booktitle = {Cureus},
    doi = {10.7759/cureus.13409},
    issn = {2168-8184},
    month = {feb},
    number = {2},
    pages = {9},
    publisher = {Cureus},
    title = {{Development of Unity Simulator for Epidural Insertion Training for Replacing Current Lumbar Puncture Simulators}},
    volume = {13},
    year = {2021}
}
